% Encoding: UTF-8

@InProceedings{ Artho04,
	author       = "Cyrille Artho and Klaus Havelund and Armin Biere",
	title        = "Using Block-Local Atomicity to Detect Stale-Value Concurrency Errors",
	booktitle    = "ATVA",
	year         = "2004",
	pages        = "150--164",
	crossref     = "DBLP:conf/atva/2004",
	bibsource    = "DBLP, http://dblp.uni-trier.de",
	ee           = "http://springerlink.metapress.com/openurl.asp?genre=article{\&}issn=0302-9743{\&}volume=3299{\&}spage=150",
}

@online{ Parkins2017,
	author       = "Parkins, David",
	booktitle    = "Economist (United Kingdom)",
	issn         = "00130613",
	mendeley     = "I4.0/BigData",
	number       = "9035",
	title        = "{Regulating the internet giants: The world's most valuable resource is no longer oil, but data}",
	url          = "https://www.economist.com/leaders/2017/05/06/the-worlds-most-valuable-resource-is-no-longer-oil-but-data?fbclid=IwAR1EaO3g6OJoDuhrHBNyqQJAqR2NyhvcZ07uexTWa3Hujq0azNMVHKhQido",
	urldate      = "2020-01-21",
	volume       = "413",
	year         = "2017",
}

@Misc{ Artho03,
	author       = "C. Artho and K. Havelund and A. Biere",
	title        = "High-Level Data Races",
	text         = "C. Artho, K. Havelund, and A. Biere. High-Level Data Races. In VVEIS'03, The First International Workshop on Verification and Validation of Enterprise Information Systems, April 2003. Angers, France.",
	year         = "2003",
	url          = "citeseer.ist.psu.edu/artho03highlevel.html",
}

@Article{ Beckman08,
	title        = "Verifying Correct Usage of Atomic Blocks and Typestate",
	author       = "Nels E. Beckman and Kevin Bierhoff and Jonathan Aldrich",
	publisher    = "ACM",
	address      = "New York, NY, USA",
	journal      = "SIGPLAN Not.",
	pages        = "227--244",
	volume       = "43",
	number       = "10",
	year         = "2008",
	issn         = "0362-1340",
	doi          = "http://doi.acm.org/10.1145/1449955.1449783",
}

@article{garcia2014ndt,
	author       = "García-García, Juan and Escalona, María and Domínguez-Mayo, Federico and Salido, Ana",
	title        = "NDT-Suite: A Methodological Tool Solution in the Model-Driven Engineering Paradigm",
	journal      = "Journal of Software Engineering and Applications",
	year         = "2014",
	volume       = "7",
	number       = "4",
	pages        = "206--217",
	doi          = "10.4236/jsea.2014.74022",
}

@INPROCEEDINGS{lee2008,
  author={Lee, Edward A.},
  booktitle={2008 11th IEEE International Symposium on Object and Component-Oriented Real-Time Distributed Computing (ISORC)}, 
  title={Cyber Physical Systems: Design Challenges}, 
  year={2008},
  volume={},
  number={},
  pages={363-369},
  keywords={Physics computing;Computer networks;Embedded computing;Computerized monitoring;Process control;Feedback loop;Investments;Safety;Software quality;Yarn;Cyber-physical systems;real time;embedded systems},
  doi={10.1109/ISORC.2008.25}}

@book{Khatib_Siciliano_2016, 
place={Cham}, 
title={Springer Handbook of Robotics}, 
publisher={Springer International Publishing: Imprint: Springer}, 
author={Khatib, Oussama and Siciliano, Bruno}, 
year={2016}} 

@inproceedings{Rajkumar_Ragunathan_Lee_2010,
author = {Rajkumar, Ragunathan and Lee, Insup and Sha, Lui and Stankovic, John},
year = {2010},
month = {06},
pages = {731-736},
title = {44.1 Cyber-Physical Systems: The Next Computing Revolution},
journal = {Proceedings - Design Automation Conference},
doi = {10.1145/1837274.1837461}
}

@ARTICLE{Schmidt_DC_2006,
  author={Schmidt, D.C.},
  journal={Computer}, 
  title={Guest Editor's Introduction: Model-Driven Engineering}, 
  year={2006},
  volume={39},
  number={2},
  pages={25-31},
  keywords={Model driven engineering;Computer aided software engineering;Application software;Software tools;Space technology;Telecommunications;Biology computing;Debugging;Writing;Quality of service;Model-driven engineering;Programming languages;MDE tools;Software development;Enterprise DRE systems;System design},
  doi={10.1109/MC.2006.58}}

@article{Feiler_Lewis_Vestal_2006, 
title={The SAE Architecture Analysis &AMP; Design Language (Aadl) a standard for Engineering Performance Critical Systems}, 
DOI={10.1109/cacsd.2006.285483}, 
journal={2006 IEEE Conference on Computer-Aided Control Systems Design}, 
author={Feiler, Peter and Lewis, Bruce and Vestal, Steve}, 
year={2006}, 
month={Oct}, 
pages={1206-1211}} 

@article{Borde_Rahmoun_Cadoret_Pautet_Singhoff_Dissaux_2014, 
title={Architecture models refinement for fine grain timing analysis of embedded systems}, 
DOI={10.1109/rsp.2014.6966691}, 
journal={2014 25nd IEEE International Symposium on Rapid System Prototyping}, 
author={Borde, Etienne and Rahmoun, Smail and Cadoret, Fabien and Pautet, Laurent and Singhoff, Frank and Dissaux, Pierre}, 
year={2014}, 
month={Oct}, 
pages={44-50}} 

@misc{Mikova_2025, 
title={Why code flexibility is crucial in low-code development?}, 
url={https://www.appbuilder.dev/blog/code-flexibility}, 
journal={App Builder}, 
author={Mikova, Katie}, 
year={2025}, 
month={Feb}} 

@book{Misra_C_2025,
  author={MISRA Consortium},
  title={MISRA C:2025 Guidelines for the use of the C language in critical systems},
  publisher={The MISRA Consortium Limited},
  year={2025},
  isbn={978-1-911700-19-7},
}

@book{Misra_Cpp_2023,
  author={MISRA Consortium and Chris Tapp},
  title={MISRA C++:2023 Guidelines for the use of C++17 in critical systems},
  publisher={The MISRA Consortium Limited},
  year={2023},
  isbn={978-1911700104},
}

@misc{openmodelica-home,
	title = "OpenModelica - Open Source Modelica-based Modeling and Simulation Environment",
	url = "https://openmodelica.org/",
	note = "Accessed: 2025-05-27"
}

@misc{openmodelica-codegen,
	title = "OpenModelica Users Guide: Code Generation and Simulation",
	url = "https://openmodelica.org/doc/OpenModelicaUsersGuide/latest/",
	note = "Accessed: 2025-05-27"
}

@misc{openmodelica-performance,
	title = "OpenModelica Users Guide: Performance Considerations",
	url = "https://openmodelica.org/doc/OpenModelicaUsersGuide/latest/profiler.html",
	note = "Accessed: 2025-05-27"
}

@misc{openapi-config,
	title        = "OpenAPI Generator Configuration",
	url = "https://openapi-generator.tech/docs/configuration/",
	note         = "Accessed: 2025-05-26"
}

@misc{openapi-customization,
	title        = "OpenAPI Generator Template Customization",
	url = " https://openapi-generator.tech/docs/customization/",
	note         = "Accessed: 2025-05-26"
}

@misc{openapi-generators,
	title        = "OpenAPI Generators",
	url = " https://openapi-generator.tech/docs/generators/",
	note         = "Accessed: 2025-05-26"
}

@misc{openapi-plugins,
	title        = "OpenAPI Generator Plugins",
	url = "https://openapi-generator.tech/docs/plugins/",
	note         = "Accessed: 2025-05-26"
}


@InProceedings{ Flanagan04,
	author       = "Cormac Flanagan and Stephen N Freund",
	title        = "Atomizer: a dynamic atomicity checker for multithreaded programs",
	booktitle    = "POPL '04: Proceedings of the 31st ACM SIGPLAN-SIGACT symposium on Principles of programming languages",
	year         = "2004",
	isbn         = "1-58113-729-X",
	pages        = "256--267",
	location     = "Venice, Italy",
	doi          = "http://doi.acm.org/10.1145/964001.964023",
	publisher    = "ACM",
	address      = "New York, NY, USA",
}

@Misc{ IBM-Rep,
	title        = "{IBM's Concurrency Testing Repository}",
}

@InProceedings{ Praun03,
	author       = "Christoph {von Praun} and Thomas R. Gross",
	title        = "Static Detection of Atomicity Violations in Object-Oriented Programs",
	booktitle    = "Journal of Object Technology",
	year         = "2003",
	pages        = "2004",
}

@InProceedings{ Shavit95,
	author       = "Nir Shavit and Dan Touitou",
	title        = "Software transactional memory",
	booktitle    = "PODC '95: Proceedings of the fourteenth annual ACM symposium on Principles of distributed computing",
	year         = "1995",
	isbn         = "0-89791-710-3",
	pages        = "204--213",
	location     = "Ottowa, Ontario, Canada",
	doi          = "http://doi.acm.org/10.1145/224964.224987",
	publisher    = "ACM",
	address      = "New York, NY, USA",
}

@Book{ Silberschatz06,
	author       = "Abraham Silberschatz and Henry F. Korth and S. Sudarshan",
	title        = "Database System Concepts",
	publisher    = "McGraw-Hill",
	year         = "2006",
	edition      = "Fifth",
	isbn         = "007-124476-X",
}

@Book{ Moss85,
	author       = "J. Eliot and B. Moss",
	title        = "Nested transactions: an approach to reliable distributed computing",
	year         = "1985",
	isbn         = "0-262-13200-1",
	publisher    = "Massachusetts Institute of Technology",
	address      = "Cambridge, MA, USA",
}

@Proceedings{ DBLP:conf/atva/2004,
	editor       = "Farn Wang",
	title        = "Automated Technology for Verification and Analysis: Second International Conference, ATVA 2004, Taipei, Taiwan, ROC, October 31-November 3, 2004. Proceedings",
	booktitle    = "ATVA",
	publisher    = "Springer",
	series       = "Lecture Notes in Computer Science",
	volume       = "3299",
	year         = "2004",
	isbn         = "3-540-23610-4",
	bibsource    = "DBLP, http://dblp.uni-trier.de",
}

@InProceedings{ecoop12-dias,
	author       = "Dias, Ricardo J. and Distefano, Dino and Seco, J. C. and Lourenço, João M.",
	booktitle    = "Proceedings of the 26th European conference on Object-oriented programming ({ECOOP}'12)",
	title        = "Verification of Snapshot Isolation in Transactional Memory Java Programs",
	year         = "2012",
	month        = jun,
	publisher    = "Springer-Verlag",
}

@online{wiki:shuntingyard,
    author = "Wikipedia contributors",
    title = "Shunting-yard algorithm --- Wikipedia{,} The Free Encyclopedia",
    year = "2017",
    month = "3",
    url = "https://en.wikipedia.org/w/index.php?title=Shunting-yard_algorithm&oldid=817901155",
    urldate = {2018-03-01},
    keywords  = "Dijkstra,prefix"
}

@online{bison,
    url = {https://www.gnu.org/software/bison/},
    urldate = {2020-07-26},
    keywords = {parser,generator},
    title = {Gnu Bison},
}

@online{flex,
    url = {https://github.com/westes/flex},
    urldate = {2020-07-26},
    keywords = {lexical,analyser},
    title = {Fast Lexical Analyser},
}